@article{karvonen2020,
  author = {Karvonen, Martti},
  title = {Biproducts without pointedness},
  journal = {Cahiers de Topologie et Géométrie Différentielle Catégoriques},
  volume = {LXI},
  issue = {3},
  pages = {229--238},
  year = {2020}
}

@article{nunes2023,
  title = {CHAD for expressive total languages},
  volume = {33},
  DOI = {10.1017/S096012952300018X},
  number = {4–5},
  journal = {Mathematical Structures in Computer Science},
  author = {Lucatelli Nunes, Fernando and Vákár, Matthijs},
  year = {2023},
  pages = {311–426}
}
